%YAML 1.1
%TAG !u! tag:unity3d.com,2011:
--- !u!1 &7683268883709999779
GameObject:
  m_ObjectHideFlags: 0
  m_CorrespondingSourceObject: {fileID: 0}
  m_PrefabInstance: {fileID: 0}
  m_PrefabAsset: {fileID: 0}
  serializedVersion: 6
  m_Component:
  - component: {fileID: 7683268883709999776}
  m_Layer: 7
  m_Name: Waypoint2
  m_TagString: Waypoint
  m_Icon: {fileID: 4422084297763085224, guid: 0000000000000000d000000000000000, type: 0}
  m_NavMeshLayer: 0
  m_StaticEditorFlags: 0
  m_IsActive: 1
--- !u!4 &7683268883709999776
Transform:
  m_ObjectHideFlags: 0
  m_CorrespondingSourceObject: {fileID: 0}
  m_PrefabInstance: {fileID: 0}
  m_PrefabAsset: {fileID: 0}
  m_GameObject: {fileID: 7683268883709999779}
  m_LocalRotation: {x: -0, y: -0, z: -0, w: 1}
  m_LocalPosition: {x: -4.22, y: 0, z: 0}
  m_LocalScale: {x: 1, y: 1, z: 1}
  m_Children: []
  m_Father: {fileID: 7683268885359660960}
  m_RootOrder: 2
  m_LocalEulerAnglesHint: {x: 0, y: 0, z: 0}
--- !u!1 &7683268883838964128
GameObject:
  m_ObjectHideFlags: 0
  m_CorrespondingSourceObject: {fileID: 0}
  m_PrefabInstance: {fileID: 0}
  m_PrefabAsset: {fileID: 0}
  serializedVersion: 6
  m_Component:
  - component: {fileID: 7683268883838964129}
  - component: {fileID: 4883431480216079737}
  - component: {fileID: 4482709862840235119}
  m_Layer: 0
  m_Name: Sight
  m_TagString: Untagged
  m_Icon: {fileID: 0}
  m_NavMeshLayer: 0
  m_StaticEditorFlags: 0
  m_IsActive: 1
--- !u!4 &7683268883838964129
Transform:
  m_ObjectHideFlags: 0
  m_CorrespondingSourceObject: {fileID: 0}
  m_PrefabInstance: {fileID: 0}
  m_PrefabAsset: {fileID: 0}
  m_GameObject: {fileID: 7683268883838964128}
  m_LocalRotation: {x: 0, y: 0, z: 0, w: 1}
  m_LocalPosition: {x: 0, y: 0, z: 0}
  m_LocalScale: {x: 65, y: 12, z: 1}
  m_Children: []
  m_Father: {fileID: 7683268884846716814}
  m_RootOrder: 0
  m_LocalEulerAnglesHint: {x: 0, y: 0, z: 0}
--- !u!61 &4883431480216079737
BoxCollider2D:
  m_ObjectHideFlags: 0
  m_CorrespondingSourceObject: {fileID: 0}
  m_PrefabInstance: {fileID: 0}
  m_PrefabAsset: {fileID: 0}
  m_GameObject: {fileID: 7683268883838964128}
  m_Enabled: 1
  m_Density: 1
  m_Material: {fileID: 0}
  m_IsTrigger: 1
  m_UsedByEffector: 0
  m_UsedByComposite: 0
  m_Offset: {x: 0, y: 0}
  m_SpriteTilingProperty:
    border: {x: 0.049999997, y: 0.049999997, z: 0.049999997, w: 0.049999997}
    pivot: {x: 0.5, y: 0.5}
    oldSize: {x: 0.16, y: 0.16}
    newSize: {x: 0.16, y: 0.16}
    adaptiveTilingThreshold: 0.5
    drawMode: 0
    adaptiveTiling: 0
  m_AutoTiling: 0
  serializedVersion: 2
  m_Size: {x: 0.134, y: 0.134}
  m_EdgeRadius: 0
--- !u!114 &4482709862840235119
MonoBehaviour:
  m_ObjectHideFlags: 0
  m_CorrespondingSourceObject: {fileID: 0}
  m_PrefabInstance: {fileID: 0}
  m_PrefabAsset: {fileID: 0}
  m_GameObject: {fileID: 7683268883838964128}
  m_Enabled: 1
  m_EditorHideFlags: 0
  m_Script: {fileID: 11500000, guid: 5015d40af4eaed14dac100e99dd9b7d2, type: 3}
  m_Name: 
  m_EditorClassIdentifier: 
--- !u!1 &7683268884846716817
GameObject:
  m_ObjectHideFlags: 0
  m_CorrespondingSourceObject: {fileID: 0}
  m_PrefabInstance: {fileID: 0}
  m_PrefabAsset: {fileID: 0}
  serializedVersion: 6
  m_Component:
  - component: {fileID: 7683268884846716814}
  - component: {fileID: 7683268884846716812}
  - component: {fileID: 7683268884846716813}
  - component: {fileID: 7683268884846716811}
  - component: {fileID: 43696456622226814}
  - component: {fileID: 5117607551354236668}
  - component: {fileID: 3746021480885732700}
  - component: {fileID: 8097402386822887636}
  - component: {fileID: 7993187607887109679}
  - component: {fileID: 4643210542955178688}
  m_Layer: 7
  m_Name: Visual
  m_TagString: Enemy
  m_Icon: {fileID: 0}
  m_NavMeshLayer: 0
  m_StaticEditorFlags: 0
  m_IsActive: 1
--- !u!4 &7683268884846716814
Transform:
  m_ObjectHideFlags: 0
  m_CorrespondingSourceObject: {fileID: 0}
  m_PrefabInstance: {fileID: 0}
  m_PrefabAsset: {fileID: 0}
  m_GameObject: {fileID: 7683268884846716817}
  m_LocalRotation: {x: 0, y: 0, z: 0, w: 1}
  m_LocalPosition: {x: 0, y: 0, z: 0}
  m_LocalScale: {x: 1, y: 1, z: 1}
  m_Children:
  - {fileID: 7683268883838964129}
  - {fileID: 349404028107783279}
  m_Father: {fileID: 7683268885359660960}
  m_RootOrder: 0
  m_LocalEulerAnglesHint: {x: 0, y: 0, z: 0}
--- !u!212 &7683268884846716812
SpriteRenderer:
  m_ObjectHideFlags: 0
  m_CorrespondingSourceObject: {fileID: 0}
  m_PrefabInstance: {fileID: 0}
  m_PrefabAsset: {fileID: 0}
  m_GameObject: {fileID: 7683268884846716817}
  m_Enabled: 1
  m_CastShadows: 0
  m_ReceiveShadows: 0
  m_DynamicOccludee: 1
  m_MotionVectors: 1
  m_LightProbeUsage: 1
  m_ReflectionProbeUsage: 1
  m_RayTracingMode: 0
  m_RayTraceProcedural: 0
  m_RenderingLayerMask: 1
  m_RendererPriority: 0
  m_Materials:
  - {fileID: 2100000, guid: a97c105638bdf8b4a8650670310a4cd3, type: 2}
  m_StaticBatchInfo:
    firstSubMesh: 0
    subMeshCount: 0
  m_StaticBatchRoot: {fileID: 0}
  m_ProbeAnchor: {fileID: 0}
  m_LightProbeVolumeOverride: {fileID: 0}
  m_ScaleInLightmap: 1
  m_ReceiveGI: 1
  m_PreserveUVs: 0
  m_IgnoreNormalsForChartDetection: 0
  m_ImportantGI: 0
  m_StitchLightmapSeams: 1
  m_SelectedEditorRenderState: 0
  m_MinimumChartSize: 4
  m_AutoUVMaxDistance: 0.5
  m_AutoUVMaxAngle: 89
  m_LightmapParameters: {fileID: 0}
  m_SortingLayerID: -836012583
  m_SortingLayer: 3
  m_SortingOrder: 0
  m_Sprite: {fileID: 815424164945274260, guid: f3c9ce381c19b7a4c9ec0e20e26a6188, type: 3}
  m_Color: {r: 1, g: 1, b: 1, a: 1}
  m_FlipX: 1
  m_FlipY: 0
  m_DrawMode: 0
  m_Size: {x: 2, y: 2}
  m_AdaptiveModeThreshold: 0.5
  m_SpriteTileMode: 0
  m_WasSpriteAssigned: 1
  m_MaskInteraction: 0
  m_SpriteSortPoint: 0
--- !u!61 &7683268884846716813
BoxCollider2D:
  m_ObjectHideFlags: 0
  m_CorrespondingSourceObject: {fileID: 0}
  m_PrefabInstance: {fileID: 0}
  m_PrefabAsset: {fileID: 0}
  m_GameObject: {fileID: 7683268884846716817}
  m_Enabled: 1
  m_Density: 1
  m_Material: {fileID: 0}
  m_IsTrigger: 0
  m_UsedByEffector: 0
  m_UsedByComposite: 0
  m_Offset: {x: -0.009587765, y: 0.028871834}
  m_SpriteTilingProperty:
    border: {x: 0, y: 0, z: 0, w: 0}
    pivot: {x: 0.5, y: 0.5}
    oldSize: {x: 2.2879486, y: 2.2857144}
    newSize: {x: 2, y: 2}
    adaptiveTilingThreshold: 0.5
    drawMode: 0
    adaptiveTiling: 0
  m_AutoTiling: 0
  serializedVersion: 2
  m_Size: {x: 0.9453459, y: 0.9834796}
  m_EdgeRadius: 0
--- !u!114 &7683268884846716811
MonoBehaviour:
  m_ObjectHideFlags: 0
  m_CorrespondingSourceObject: {fileID: 0}
  m_PrefabInstance: {fileID: 0}
  m_PrefabAsset: {fileID: 0}
  m_GameObject: {fileID: 7683268884846716817}
  m_Enabled: 1
  m_EditorHideFlags: 0
  m_Script: {fileID: 11500000, guid: 0553bd25d3e384b4885e3063dd246db6, type: 3}
  m_Name: 
  m_EditorClassIdentifier: 
  maxHealth: 100
  potion: {fileID: 7131582654744223283, guid: 165c30d163af9274a9ff4adca1b9dc0c, type: 3}
  hitAudio: {fileID: 4643210542955178688}
--- !u!114 &43696456622226814
MonoBehaviour:
  m_ObjectHideFlags: 0
  m_CorrespondingSourceObject: {fileID: 0}
  m_PrefabInstance: {fileID: 0}
  m_PrefabAsset: {fileID: 0}
  m_GameObject: {fileID: 7683268884846716817}
  m_Enabled: 1
  m_EditorHideFlags: 0
  m_Script: {fileID: 11500000, guid: b4fce624139bfc84c940d8c45d41aeaf, type: 3}
  m_Name: 
  m_EditorClassIdentifier: 
  speed: 5
  damage: 10
  attackDamage: 50
  attackDistance: 2
  sightPoint: {fileID: 7683268883838964129}
  waypoints:
  - {fileID: 7683268884923227249}
  - {fileID: 7683268883709999776}
  spriteRenderer: {fileID: 7683268884846716812}
  canMove: 1
  attackPoint: {fileID: 349404028107783279}
  attackRange: 1
  playerLayers:
    serializedVersion: 2
    m_Bits: 256
  attackRate: 2
--- !u!95 &5117607551354236668
Animator:
  serializedVersion: 3
  m_ObjectHideFlags: 0
  m_CorrespondingSourceObject: {fileID: 0}
  m_PrefabInstance: {fileID: 0}
  m_PrefabAsset: {fileID: 0}
  m_GameObject: {fileID: 7683268884846716817}
  m_Enabled: 1
  m_Avatar: {fileID: 0}
  m_Controller: {fileID: 9100000, guid: bf3c1a4f02f47574c9c5b2591c6ba76d, type: 2}
  m_CullingMode: 0
  m_UpdateMode: 0
  m_ApplyRootMotion: 0
  m_LinearVelocityBlending: 0
  m_WarningMessage: 
  m_HasTransformHierarchy: 1
  m_AllowConstantClipSamplingOptimization: 1
  m_KeepAnimatorControllerStateOnDisable: 0
--- !u!60 &3746021480885732700
PolygonCollider2D:
  m_ObjectHideFlags: 0
  m_CorrespondingSourceObject: {fileID: 0}
  m_PrefabInstance: {fileID: 0}
  m_PrefabAsset: {fileID: 0}
  m_GameObject: {fileID: 7683268884846716817}
  m_Enabled: 1
  m_Density: 1
  m_Material: {fileID: 0}
  m_IsTrigger: 0
  m_UsedByEffector: 0
  m_UsedByComposite: 0
  m_Offset: {x: 0, y: 0}
  m_SpriteTilingProperty:
    border: {x: 0, y: 0, z: 0, w: 0}
    pivot: {x: 0.5, y: 0.5}
    oldSize: {x: 2.2879486, y: 2.2857144}
    newSize: {x: 2, y: 2}
    adaptiveTilingThreshold: 0.5
    drawMode: 0
    adaptiveTiling: 0
  m_AutoTiling: 0
  m_Points:
    m_Paths:
    - - {x: 0.1829912, y: -0.29325515}
      - {x: 0.23460412, y: -0.2510264}
      - {x: 0.22521995, y: -0.23225807}
      - {x: 0.24868037, y: -0.22756599}
      - {x: 0.2956012, y: -0.19002934}
      - {x: 0.28621703, y: -0.17595309}
      - {x: 0.2392962, y: -0.16187684}
      - {x: 0.30498534, y: -0.12903227}
      - {x: 0.30967742, y: -0.09618769}
      - {x: 0.3143695, y: -0.053958945}
      - {x: 0.27214077, y: -0.0070381234}
      - {x: 0.3143695, y: 0.0070381234}
      - {x: 0.342522, y: 0.025806453}
      - {x: 0.33782992, y: 0.0398827}
      - {x: 0.30029327, y: 0.053958945}
      - {x: 0.3659824, y: 0.06334311}
      - {x: 0.46920824, y: 0.086803526}
      - {x: 0.5818182, y: 0.12903227}
      - {x: 0.6428153, y: 0.16187684}
      - {x: 0.6568915, y: 0.18533725}
      - {x: 0.65219945, y: 0.1994135}
      - {x: 0.5536657, y: 0.23225807}
      - {x: 0.46920824, y: 0.2510264}
      - {x: 0.2392962, y: 0.32609972}
      - {x: 0.21583578, y: 0.31671557}
      - {x: 0.15483871, y: 0.2510264}
      - {x: 0.07507332, y: 0.26041058}
      - {x: 0.09853373, y: 0.28856307}
      - {x: 0.09853373, y: 0.29794723}
      - {x: 0.0797654, y: 0.31202346}
      - {x: 0.01876833, y: 0.3307918}
      - {x: -0.08445748, y: 0.34017596}
      - {x: -0.20175953, y: 0.3026393}
      - {x: -0.19237538, y: 0.33548388}
      - {x: -0.20175953, y: 0.34486803}
      - {x: -0.22052787, y: 0.34017596}
      - {x: -0.32844576, y: 0.24164224}
      - {x: -0.38475075, y: 0.26979473}
      - {x: -0.42697948, y: 0.23695016}
      - {x: -0.41759533, y: 0.13372435}
      - {x: -0.45513198, y: 0.14310852}
      - {x: -0.47390032, y: 0.12903227}
      - {x: -0.47390032, y: 0.049266864}
      - {x: -0.46920824, y: 0.030498534}
      - {x: -0.43636367, y: 0.0070381234}
      - {x: -0.43636367, y: -0.077419356}
      - {x: -0.41759533, y: -0.171261}
      - {x: -0.3706745, y: -0.2510264}
      - {x: -0.27683285, y: -0.32609972}
      - {x: -0.18768328, y: -0.3589443}
      - {x: -0.06099707, y: -0.3589443}
      - {x: -0.0046920823, y: -0.39178887}
      - {x: 0.13137831, y: -0.39178887}
      - {x: 0.1595308, y: -0.37302053}
      - {x: 0.17360705, y: -0.34956014}
      - {x: 0.1595308, y: -0.33548388}
    - - {x: -0.53958946, y: 0.23225807}
      - {x: -0.5489736, y: 0.21348974}
      - {x: -0.5489736, y: 0.19002934}
      - {x: -0.52551323, y: 0.17595309}
      - {x: -0.46920824, y: 0.17595309}
      - {x: -0.41759533, y: 0.19472142}
      - {x: -0.41759533, y: 0.22287391}
      - {x: -0.49736074, y: 0.23225807}
    - - {x: -0.52082115, y: 0.2744868}
      - {x: -0.5489736, y: 0.24633431}
      - {x: -0.5489736, y: 0.23695016}
      - {x: -0.53958946, y: 0.23225807}
      - {x: -0.52082115, y: 0.23225807}
      - {x: -0.5020528, y: 0.2557185}
      - {x: -0.5020528, y: 0.26510265}
      - {x: -0.50674486, y: 0.2744868}
    - - {x: -0.35190618, y: 0.29794723}
      - {x: -0.3659824, y: 0.29325515}
      - {x: -0.3706745, y: 0.2791789}
      - {x: -0.3706745, y: 0.2557185}
      - {x: -0.36129034, y: 0.24633431}
      - {x: -0.342522, y: 0.2510264}
      - {x: -0.33313784, y: 0.2791789}
      - {x: -0.33313784, y: 0.28856307}
      - {x: -0.342522, y: 0.29794723}
    - - {x: -0.48328447, y: 0.31671557}
      - {x: -0.5020528, y: 0.31671557}
      - {x: -0.52082115, y: 0.28856307}
      - {x: -0.511437, y: 0.2744868}
      - {x: -0.49736074, y: 0.2744868}
      - {x: -0.48328447, y: 0.2791789}
      - {x: -0.47390032, y: 0.3026393}
      - {x: -0.47390032, y: 0.31202346}
    - - {x: -0.3143695, y: 0.33548388}
      - {x: -0.33313784, y: 0.33548388}
      - {x: -0.33782992, y: 0.32140765}
      - {x: -0.33782992, y: 0.28856307}
      - {x: -0.3143695, y: 0.28856307}
      - {x: -0.30967742, y: 0.29794723}
      - {x: -0.30498534, y: 0.31671557}
      - {x: -0.30498534, y: 0.3307918}
    - - {x: -0.44574782, y: 0.3589443}
      - {x: -0.47390032, y: 0.34486803}
      - {x: -0.4785924, y: 0.3307918}
      - {x: -0.4785924, y: 0.31671557}
      - {x: -0.46920824, y: 0.31202346}
      - {x: -0.43636367, y: 0.32609972}
      - {x: -0.42697948, y: 0.3307918}
      - {x: -0.42697948, y: 0.35425222}
      - {x: -0.43167156, y: 0.3589443}
    - - {x: -0.3190616, y: 0.3824047}
      - {x: -0.3190616, y: 0.34017596}
      - {x: -0.30498534, y: 0.33548388}
      - {x: -0.2909091, y: 0.33548388}
      - {x: -0.28621703, y: 0.34017596}
      - {x: -0.28621703, y: 0.36363637}
      - {x: -0.2956012, y: 0.3824047}
    - - {x: -0.4222874, y: 0.3824047}
      - {x: -0.42697948, y: 0.36363637}
      - {x: -0.41759533, y: 0.35425222}
      - {x: -0.41290325, y: 0.35425222}
      - {x: -0.398827, y: 0.36832845}
      - {x: -0.398827, y: 0.37771264}
      - {x: -0.40821117, y: 0.3870968}
    - - {x: -0.32375368, y: 0.40586513}
      - {x: -0.32844576, y: 0.40586513}
      - {x: -0.38475075, y: 0.39648095}
      - {x: -0.3941349, y: 0.3870968}
      - {x: -0.3941349, y: 0.37302053}
      - {x: -0.38475075, y: 0.36363637}
      - {x: -0.37536657, y: 0.36363637}
      - {x: -0.32844576, y: 0.37302053}
      - {x: -0.3143695, y: 0.37771264}
      - {x: -0.3143695, y: 0.39648095}
--- !u!114 &8097402386822887636
MonoBehaviour:
  m_ObjectHideFlags: 0
  m_CorrespondingSourceObject: {fileID: 0}
  m_PrefabInstance: {fileID: 0}
  m_PrefabAsset: {fileID: 0}
  m_GameObject: {fileID: 7683268884846716817}
  m_Enabled: 1
  m_EditorHideFlags: 0
  m_Script: {fileID: 11500000, guid: 7db70e0ea77f5ac47a8f4565a9406397, type: 3}
  m_Name: 
  m_EditorClassIdentifier: 
  m_ShadowGroup: 0
  m_HasRenderer: 1
  m_UseRendererSilhouette: 1
  m_CastsShadows: 1
  m_SelfShadows: 0
  m_ApplyToSortingLayers: 000000006d0da34fc7e97219d9752bce33dd1bb2c76e7bad0bbef2a291da65c5
  m_ShapePath:
  - {x: -0.800782, y: -0.8, z: 0}
  - {x: 0.800782, y: -0.8, z: 0}
  - {x: 0.800782, y: 0.8, z: 0}
  - {x: -0.800782, y: 0.8, z: 0}
  m_ShapePathHash: 0
  m_Mesh: {fileID: 0}
  m_InstanceId: 67420
--- !u!114 &7993187607887109679
MonoBehaviour:
  m_ObjectHideFlags: 0
  m_CorrespondingSourceObject: {fileID: 0}
  m_PrefabInstance: {fileID: 0}
  m_PrefabAsset: {fileID: 0}
  m_GameObject: {fileID: 7683268884846716817}
  m_Enabled: 1
  m_EditorHideFlags: 0
  m_Script: {fileID: 11500000, guid: fff8d018e6dfb164d8e85c7383328a91, type: 3}
  m_Name: 
  m_EditorClassIdentifier: 
  sprite: {fileID: 7683268884846716812}
--- !u!82 &4643210542955178688
AudioSource:
  m_ObjectHideFlags: 0
  m_CorrespondingSourceObject: {fileID: 0}
  m_PrefabInstance: {fileID: 0}
  m_PrefabAsset: {fileID: 0}
  m_GameObject: {fileID: 7683268884846716817}
  m_Enabled: 1
  serializedVersion: 4
  OutputAudioMixerGroup: {fileID: 0}
  m_audioClip: {fileID: 8300000, guid: 9ede004b33e9a074a9bd3a185f49201a, type: 3}
  m_PlayOnAwake: 1
  m_Volume: 0.65
  m_Pitch: 1
  Loop: 0
  Mute: 0
  Spatialize: 0
  SpatializePostEffects: 0
  Priority: 128
  DopplerLevel: 1
  MinDistance: 1
  MaxDistance: 500
  Pan2D: 0
  rolloffMode: 0
  BypassEffects: 0
  BypassListenerEffects: 0
  BypassReverbZones: 0
  rolloffCustomCurve:
    serializedVersion: 2
    m_Curve:
    - serializedVersion: 3
      time: 0
      value: 1
      inSlope: 0
      outSlope: 0
      tangentMode: 0
      weightedMode: 0
      inWeight: 0.33333334
      outWeight: 0.33333334
    - serializedVersion: 3
      time: 1
      value: 0
      inSlope: 0
      outSlope: 0
      tangentMode: 0
      weightedMode: 0
      inWeight: 0.33333334
      outWeight: 0.33333334
    m_PreInfinity: 2
    m_PostInfinity: 2
    m_RotationOrder: 4
  panLevelCustomCurve:
    serializedVersion: 2
    m_Curve:
    - serializedVersion: 3
      time: 0
      value: 0
      inSlope: 0
      outSlope: 0
      tangentMode: 0
      weightedMode: 0
      inWeight: 0.33333334
      outWeight: 0.33333334
    m_PreInfinity: 2
    m_PostInfinity: 2
    m_RotationOrder: 4
  spreadCustomCurve:
    serializedVersion: 2
    m_Curve:
    - serializedVersion: 3
      time: 0
      value: 0
      inSlope: 0
      outSlope: 0
      tangentMode: 0
      weightedMode: 0
      inWeight: 0.33333334
      outWeight: 0.33333334
    m_PreInfinity: 2
    m_PostInfinity: 2
    m_RotationOrder: 4
  reverbZoneMixCustomCurve:
    serializedVersion: 2
    m_Curve:
    - serializedVersion: 3
      time: 0
      value: 1
      inSlope: 0
      outSlope: 0
      tangentMode: 0
      weightedMode: 0
      inWeight: 0.33333334
      outWeight: 0.33333334
    m_PreInfinity: 2
    m_PostInfinity: 2
    m_RotationOrder: 4
--- !u!1 &7683268884923227248
GameObject:
  m_ObjectHideFlags: 0
  m_CorrespondingSourceObject: {fileID: 0}
  m_PrefabInstance: {fileID: 0}
  m_PrefabAsset: {fileID: 0}
  serializedVersion: 6
  m_Component:
  - component: {fileID: 7683268884923227249}
  m_Layer: 7
  m_Name: Waypoint1
  m_TagString: Waypoint
  m_Icon: {fileID: 4422084297763085224, guid: 0000000000000000d000000000000000, type: 0}
  m_NavMeshLayer: 0
  m_StaticEditorFlags: 0
  m_IsActive: 1
--- !u!4 &7683268884923227249
Transform:
  m_ObjectHideFlags: 0
  m_CorrespondingSourceObject: {fileID: 0}
  m_PrefabInstance: {fileID: 0}
  m_PrefabAsset: {fileID: 0}
  m_GameObject: {fileID: 7683268884923227248}
  m_LocalRotation: {x: -0, y: -0, z: -0, w: 1}
  m_LocalPosition: {x: 4.11, y: 0, z: 0}
  m_LocalScale: {x: 1, y: 1, z: 1}
  m_Children: []
  m_Father: {fileID: 7683268885359660960}
  m_RootOrder: 1
  m_LocalEulerAnglesHint: {x: 0, y: 0, z: 0}
--- !u!1 &7683268885359660963
GameObject:
  m_ObjectHideFlags: 0
  m_CorrespondingSourceObject: {fileID: 0}
  m_PrefabInstance: {fileID: 0}
  m_PrefabAsset: {fileID: 0}
  serializedVersion: 6
  m_Component:
  - component: {fileID: 7683268885359660960}
  m_Layer: 7
  m_Name: Mob
  m_TagString: Untagged
  m_Icon: {fileID: 0}
  m_NavMeshLayer: 0
  m_StaticEditorFlags: 0
  m_IsActive: 1
--- !u!4 &7683268885359660960
Transform:
  m_ObjectHideFlags: 0
  m_CorrespondingSourceObject: {fileID: 0}
  m_PrefabInstance: {fileID: 0}
  m_PrefabAsset: {fileID: 0}
  m_GameObject: {fileID: 7683268885359660963}
  m_LocalRotation: {x: 0, y: 0, z: 0, w: 1}
  m_LocalPosition: {x: 10.37, y: -0.07, z: -6.196135}
  m_LocalScale: {x: 1, y: 1, z: 1}
  m_Children:
  - {fileID: 7683268884846716814}
  - {fileID: 7683268884923227249}
  - {fileID: 7683268883709999776}
  m_Father: {fileID: 0}
  m_RootOrder: 0
  m_LocalEulerAnglesHint: {x: 0, y: 0, z: 0}
--- !u!1 &8432572480743371294
GameObject:
  m_ObjectHideFlags: 0
  m_CorrespondingSourceObject: {fileID: 0}
  m_PrefabInstance: {fileID: 0}
  m_PrefabAsset: {fileID: 0}
  serializedVersion: 6
  m_Component:
  - component: {fileID: 349404028107783279}
  m_Layer: 7
  m_Name: AttackPoint
  m_TagString: Untagged
  m_Icon: {fileID: 0}
  m_NavMeshLayer: 0
  m_StaticEditorFlags: 0
  m_IsActive: 1
--- !u!4 &349404028107783279
Transform:
  m_ObjectHideFlags: 0
  m_CorrespondingSourceObject: {fileID: 0}
  m_PrefabInstance: {fileID: 0}
  m_PrefabAsset: {fileID: 0}
  m_GameObject: {fileID: 8432572480743371294}
  m_LocalRotation: {x: 0, y: 0, z: 0, w: 1}
  m_LocalPosition: {x: 0.629, y: 0, z: 0}
  m_LocalScale: {x: 1, y: 1, z: 1}
  m_Children: []
  m_Father: {fileID: 7683268884846716814}
  m_RootOrder: 1
  m_LocalEulerAnglesHint: {x: 0, y: 0, z: 0}
